1893 2980
131 84 202 140 50
480 78 611 125 om
667 76 1104 125 APPOmes
1169 80 1458 127 Numer

219 187 337 228 non
351 137 522 227 habet
531 163 627 226 nifi
642 184 859 227 tantum
871 170 927 226 in
942 163 1127 227 oculis
1130 187 1227 228 eos
1241 183 1425 229 autem
1443 188 1536 252 qui
1527 166 1647 231 'illic
1659 167 1775 232 satia

218 260 442 342 guinem
458 251 731 314 habeant
715 251 1070 336 impudentes
1085 273 1305 315 uocant
1309 251 1460 315 unde
1472 253 1773 320 Homerus

220 340 415 409 ebrius,
418 347 563 403 canis
578 339 767 402 oculos
783 337 1012 408 habens,
1023 349 1076 401 δε
1089 362 1178 401 cor
1191 346 1354 402 cerui

409 445 811 497 QVOMODO
883 447 1233 492 HOMINEM
1299 445 1440 497 QVI
1506 447 1580 491 SE

621 533 925 577 MOVERE
989 532 1363 583 NEQVEAT

363 604 639 666 Ominem
667 624 762 685 qui
752 600 953 662 multu
972 622 1194 686 tempus
1211 600 1260 661 se
1277 622 1502 661 mouere
1515 600 1770 686 nequeat}

214 618 397 773 Hp
403 690 552 749 ostea
569 710 699 750 uero
717 686 981 749 mouendi
1001 687 1053 747 se
1079 694 1221 748 uires
1248 687 1629 771 consequatur,
1645 712 1768 750 cum

217 712 415 835 uolunt
428 774 745 864 significare,
762 796 953 837 ranam
970 780 1238 861 pingunt,
1262 772 1429 858 pedes
1443 775 1768 878 posteriores

213 832 536 924 habentem
549 883 694 924 ranae
706 868 852 922 enim
872 862 1155 922 nascuntur
1170 860 1277 921 sne
1290 858 1555 945 pedibus,
1573 868 1668 945 qui
1683 881 1769 926 τευ

215 968 346 1010 men
358 947 688 1034 procedente
701 966 951 1033 tempore
965 946 1308 1009 subcrescunt

435 1052 601 1105 Qvo
615 1054 835 1098 MODO
906 1052 1256 1095 HOM1NEM
1321 1050 1548 1094 OMNIae

699 1139 835 1183 ssvs
893 1137 1284 1182 INIMICVM.

204 1206 651 1358 ,HOminem
679 1204 976 1269 omnibus'
960 1211 1236 1267 inimicum
1265 1201 1560 1290 significare
1574 1202 1766 1267 uolen,

162 1351 177 1372 k
374 1312 452 1355 tes
475 1292 775 1381 anguillam
792 1298 1054 1379 pingunt
1039 1294 1181 1353 haec
1198 1315 1289 1352 em
1307 1290 1543 1351 seorsum
1560 1290 1633 1354 ab
1647 1290 1768 1374 ahjs

213 1378 444 1466 piscibus
460 1353 625 1467 degit
642 1400 897 1463 nquem
905 1399 990 1439 ere
1002 1401 1120 1438 cum
1136 1376 1279 1457 alijs‘
1264 1382 1556 1455 inuenitur

466 1485 629 1536 QVO
641 1482 862 1527 MODO
927 1482 1273 1527 HOMINEM
1342 1482 1464 1525 SER
1479 1493 1513 1517 κ

644 1569 953 1616 VANTEM
1016 1567 1321 1613 MVLTOS

805 1658 879 1700 ΙΝ
946 1655 1164 1698 MARI

355 1726 629 1789 Ominern
646 1726 890 1790 seruante
900 1721 1138 1787 multos'
1119 1749 1175 1787 in
1189 1749 1325 1791 man
1317 1726 1378 1790 s
1380 1725 1629 1816 gnificare
1648 1750 1763 1789 uon

211 1745 534 1882 Hlentes,
539 1814 787 1876 Narcam
802 1810 991 1897 piscem
1008 1818 1276 1900 pingunt
1291 1818 1374 1875 hic
1386 1821 1530 1876 enim
1545 1838 1662 1876 cum
1680 1821 1760 1878 ui

210 1901 396 1986 deritp
400 1901 520 1963 isces
534 1898 795 1963 defessos
780 1922 920 1964 iam,
935 1921 1031 1962 nec
1041 1871 1276 1986 amplius
1290 1919 1475 1965 natare
1502 1900 1760 1981 ualentes

207 1989 405 2075 praesto
422 1989 499 2051 est
512 1986 612 2049 illis
623 2009 683 2050 ac
696 1987 884 2051 seruat.

461 2092 860 2145 QVOMODO
931 2091 1276 2137 HOMINEM
1339 2091 1482 2145 QVI

568 2181 824 2225 VTILIA
891 2179 981 2221 ET
1045 2179 1390 2225 INVTIMA

683 2267 886 2312 MALE
953 2264 1049 2311 Co
1061 2267 1102 2307 N
1114 2269 1290 2312 svm,

838 2353 876 2400 Ρ
887 2352 1116 2415 sEmT.

1433 2418 1749 2487 Hominem
