1893 2980
229 69 829 121 HIEROGLYPHICA
868 69 933 112 B.
972 65 1352 112 TREBATIO
1399 64 1549 109 ΙΝΤ.
1686 72 1762 124 37

304 160 580 227 Ominem
599 184 666 221 ex
679 156 874 222 oraculi
888 154 1144 243 responso
1160 154 1386 239 seipsum
1403 172 1675 215 curantem

299 273 416 310 cum
433 248 627 310 uolunt
650 243 938 334 significate
956 290 969 309 ‚
991 251 1164 328 picam
1185 249 1422 329 pingunt
1453 240 1580 300 lauri
1597 238 1676 299 foa

141 333 273 396 lium
291 359 383 395 ore
397 332 684 396 tenentem.
699 336 808 394 haec
825 338 968 392 enim
984 354 1104 392 cum
1120 348 1324 415 aegrota
1338 329 1414 390 est
1430 376 1441 395 ‚
1456 327 1585 388 lauri
1603 322 1676 387 fo·

141 418 272 501 lium
289 428 343 482 in
357 422 550 483 nidum
566 426 824 482 immittit,
840 424 977 479 &ita
991 415 1321 478 conualescit.

136 504 141 508 ’
291 525 684 576 QVOMODO
752 523 1053 566 MVLTOS
1121 519 1467 566 CVLICESv

146 594 490 740 MVltos
502 591 680 654 culices
695 597 1078 675 prouenientes
1101 613 1220 650 cum
1237 585 1430 648 uolunt
1445 583 1680 672 significa

320 700 606 746 re,uermes
624 685 865 763 pingunt
880 722 894 737 .
910 701 975 737 ex
989 683 1074 738 his
1088 678 1176 736 effi
1195 669 1467 763 generant‘
1480 669 1680 732 culices.

227 766 566 836 Qvozvxoo
580 781 634 826 O·
690 784 786 826 ΗΟ
800 783 1046 825 MINEM
1109 782 1261 824 NON
1327 777 1591 820 HABENs

339 872 488 915 ΤΕΜ
555 871 687 914 PER
755 871 824 911 SE
894 869 1136 916 BILEM,
1200 868 1325 910 SED
1395 866 1489 906 ΑΒ

545 956 721 999 ALIO
795 955 1248 999 COMMOTVM
1274 976 1289 991 .

204 1036 211 1040 ’
306 1026 583 1086 Ominem
600 1046 717 1085 non
733 1023 1030 1084 habentem
1049 1019 1355 1083 naturaliter
1369 1017 1530 1079 bilem
1552 1063 1564 1082 ‚
1586 1041 1687 1078 uez

307 1134 429 1171 rum
447 1111 519 1172 ab
536 1110 642 1172 alio
657 1130 1002 1171 commotum
1032 1132 1155 1170 cum
1171 1106 1365 1168 uolunt
1378 1104 1685 1193 significare,

148 1198 458 1260 columbam
486 1204 721 1284 pingunt
738 1202 944 1259 arresta
968 1196 1265 1281 posteriora
1288 1191 1586 1254 habentem
1605 1233 1616 1249 .
1634 1198 1690 1251 in

151 1284 248 1346 illis
261 1292 407 1346 enim
422 1284 582 1344 bilem
600 1283 787 1345 habet.

151 1388 154 1390 ’
384 1388 785 1438 QVOMODO
856 1387 1199 1432 HOMINEM
1267 1383 1463 1427 TVTE

508 1476 759 1518 VRBEM
823 1474 1338 1516 HABITANTEM.

314 1541 592 1604 Ominem
607 1563 720 1602 tute
736 1541 928 1602 urbem
944 1541 1285 1602 habitantem
1300 1535 1588 1626 significare
1600 1559 1697 1597 uoae

161 1680 170 1688 .
316 1627 740 1712 lente5,aquilam
754 1627 989 1711 lapidem
1008 1646 1324 1711 portantem
1342 1631 1594 1709 pingunt.
1609 1621 1698 1683 illa

157 1721 307 1775 enirn
322 1713 563 1796 lapidem
579 1712 855 1800 unguibus
870 1714 1140 1774 eleuatum
1155 1737 1159 1738 ’
1167 1732 1351 1797 portat
1379 1718 1435 1771 in
1451 1709 1606 1771 suum
1622 1714 1695 1768 ni0

158 1799 376 1864 dum‚ut
387 1799 476 1860 illo
493 1797 766 1884 depreffus
781 1800 947 1860 nidus
962 1798 1179 1860 firmiter
1193 1815 1430 1859 maneat.

327 1903 721 1954 QVOMODO
788 1907 883 1949 HQ
897 1906 1137 1946 MINEM
1202 1904 1338 1946 DEss
1353 1900 1527 1944 ILEM

515 1990 619 2041 Qv
634 1993 655 2032 1
723 1993 897 2035 ALIO
968 1989 1353 2039 INSEQVEN‘

257 2131 261 2134 Δ
645 2078 732 2119 TE
805 2055 1194 2121 AVFVGIAT
1211 2095 1226 2116 0

165 2150 597 2290 HOminem
626 2143 830 2207 uiribus
856 2143 1171 2206 imbecillem
1187 2192 1199 2212 ‚
1218 2149 1310 2227 qui
1328 2142 1694 2225 insequentem

169 2284 179 2292 .
323 2230 568 2320 aufilgiat
601 2229 886 2319 significare
916 2230 1160 2291 uolentes
1179 2274 1191 2293 ‚
1214 2230 1420 2290 otidem
1447 2251 1607 2289 auem
1641 2237 1694 2290 δέ

163 2341 371 2408 equum
388 2316 827 2405 pingunt.euolat
839 2324 983 2380 enim
1000 2315 1090 2379 illa
1106 2316 1218 2379 uifo
1234 2335 1398 2399 equo.

1189 2427 1218 2463 e
1276 2427 1295 2469 3
1358 2394 1694 2487 Quomodo
